% This file was created with JabRef 2.6.
% Encoding: GBK

@article{karlan2019long,
  title={Long--run price elasticities of demand for credit: evidence from a countrywide field experiment in {M}exico},
  author={Karlan, Dean and Zinman, Jonathan},
  journal={The Review of Economic Studies},
  volume={86},
  number={4},
  pages={1704--1746},
  year={2019},
  publisher={Oxford University Press}
}

@ARTICLE{Deaton1985109,
	author = {Deaton, Angus},
	title = {Panel data from time series of cross-sections},
	year = {1985},
	journal = {Journal of Econometrics},
	volume = {30},
	number = {1-2},
	pages = {109 – 126},
	doi = {10.1016/0304-4076(85)90134-4},
	url = {https://scopus.itam.elogim.com/inward/record.uri?eid=2-s2.0-46549093197&doi=10.1016%2f0304-4076%2885%2990134-4&partnerID=40&md5=719b94c19d684f3cc8f714960139bebd}
}

@incollection{verbeek2008pseudo,
  title={Pseudo-panels and repeated cross-sections},
  author={Verbeek, Marno},
  booktitle={The Econometrics of Panel Data: Fundamentals and recent developments in theory and practice},
  pages={369--383},
  year={2008},
  publisher={Springer}
}

@techreport{meza2018credit,
  title={Credit {C}onditions, {D}ynamic {D}istortions, and {C}apital {A}ccumulation in {M}exican {M}anufacturing},
  author={Meza, Felipe and Urrutia, Carlos and Pratap, Sangeeta},
  year={2018},
  institution={2018 Meeting Papers 875, Society for Economic Dynamics.}
}



@article{meza2019credit,
  title={Credit, misallocation and productivity growth: {A} disaggregated analysis},
  author={Meza, Felipe and Pratap, Sangeeta and Urrutia, Carlos},
  journal={Review of Economic Dynamics},
  volume={34},
  pages={61--86},
  year={2019},
  publisher={Elsevier}
}

@article{meza2020credit,
  title={Credit and investment distortions: {E}vidence from {M}exican manufacturing},
  author={Meza, Felipe and Pratap, Sangeeta and Urrutia, Carlos},
  journal={Economics Letters},
  volume={197},
  pages={109610},
  year={2020},
  publisher={Elsevier}
}

@article{cantu2020loan,
  title={A loan--level analysis of financial resilience in {M}exico},
  author={Cant{\'u}, Carlos and Lobato, Roberto and L{\'o}pez, Calixto and L{\'o}pez-Gallo, Fabrizio},
  journal={Journal of Banking \& Finance},
  pages={105951},
  year={2020},
  publisher={Elsevier}
}

@article{defusco2017interest,
  title={The interest rate elasticity of mortgage demand: {E}vidence from bunching at the conforming loan limit},
  author={DeFusco, Anthony A and Paciorek, Andrew},
  journal={American Economic Journal: Economic Policy},
  volume={9},
  number={1},
  pages={210--40},
  year={2017}
}

@article{arellano1987computing,
  title={Computing robust standard errors for within-groups estimators},
  author={Arellano, Manuel and others},
  journal={Oxford bulletin of Economics and Statistics},
  volume={49},
  number={4},
  pages={431--434},
  year={1987},
  publisher={Department of Economics, University of Oxford}
}

@book{wooldridge2010econometric,
  title={Econometric analysis of cross section and panel data},
  author={Wooldridge, Jeffrey M},
  year={2010},
  publisher={MIT press}
}

@article{rogers1994regression,
  title={Regression standard errors in clustered samples},
  author={Rogers, William},
  journal={Stata technical bulletin},
  volume={3},
  number={13},
  year={1994},
  publisher={StataCorp LP}
}

@article{millo2017robust,
  title={Robust standard error estimators for panel models: {A} unifying approach},
  author={Millo, Giovanni},
  journal={Journal of Statistical Software},
  volume={82},
  pages={1--27},
  year={2017}
}

@article{dick2008demand,
  title={Demand estimation and consumer welfare in the banking industry},
  author={Dick, Astrid A},
  journal={Journal of Banking \& Finance},
  volume={32},
  number={8},
  pages={1661--1676},
  year={2008},
  publisher={Elsevier}
}

@article{beck2012gets,
  title={Who gets the credit? {A}nd does it matter? {H}ousehold vs. firm lending across countries},
  author={Beck, Thorsten and B{\"u}y{\"u}kkarabacak, Berrak and Rioja, Felix K and Valev, Neven T},
  journal={The BE Journal of Macroeconomics},
  volume={12},
  number={1},
  year={2012},
  publisher={De Gruyter}
}

@article{branzoli2021role,
  title={The {R}ole of {B}anks' {T}echnology {A}doption in {C}redit {M}arkets during the {P}andemic},
  author={Branzoli, Nicola and Rainone, Edoardo and Supino, Ilaria},
  journal={Available at SSRN 3878254},
  year={2021}
}


@article{altavilla2022supply,
  title={Supply or {D}emand: {W}hat {D}rives {F}luctuations in the {B}ank {L}oan {M}arket?},
  author={Altavilla, Carlo and Boucinha, Miguel and Bouscasse, Paul},
  year={2022},
  publisher={ECB Working Paper}
}

@book{blundell1992credit,
  title={Credit supply and demand and the Australian economy},
  author={Blundell-Wignall, Adrian and Gizycki, Marianne and others},
  year={1992},
  publisher={Economic Research Department, Reserve Bank of Australia}
}

@article{ponce2017borrowing,
  title={Borrowing on the wrong credit card? {E}vidence from {M}exico},
  author={Ponce, Alejandro and Seira, Enrique and Zamarripa, Guillermo},
  journal={American Economic Review},
  volume={107},
  number={4},
  pages={1335--61},
  year={2017}
}

@techreport{seira2015bancarizing,
  title={Bancarizing with credit cards: Experimental evidence on interest rates and minimum payments elasticities for new clients},
  author={Seira, Enrique and Castellanos, Sara G and Hern{\'a}ndez, Diego J Jim{\'e}nez},
  year={2015},
  institution={Banco de Mexico Working Papers}
}

@article{banerjee2015six,
  title={Six randomized evaluations of microcredit: {I}ntroduction and further steps},
  author={Banerjee, Abhijit and Karlan, Dean and Zinman, Jonathan},
  journal={American Economic Journal: Applied Economics},
  volume={7},
  number={1},
  pages={1--21},
  year={2015}
}



@article{angelucci2015microcredit,
  title={Microcredit impacts: {E}vidence from a randomized microcredit program placement experiment by {C}ompartamos {B}anco},
  author={Angelucci, Manuela and Karlan, Dean and Zinman, Jonathan},
  journal={American Economic Journal: Applied Economics},
  volume={7},
  number={1},
  pages={151--82},
  year={2015}
}



@book{cameron2005microeconometrics,
  title={Microeconometrics: methods and applications},
  author={Cameron, A Colin and Trivedi, Pravin K},
  year={2005},
  publisher={Cambridge University Press}
}

% Felipe Brugues
@article{benetton2021leverage,
  title={Leverage regulation and market structure: A structural model of the uk mortgage market},
  author={Benetton, Matteo},
  journal={The Journal of Finance},
  volume={76},
  number={6},
  pages={2997--3053},
  year={2021},
  publisher={Wiley Online Library}
}
@article{crawford2018asymmetric,
  title={Asymmetric information and imperfect competition in lending markets},
  author={Crawford, Gregory S and Pavanini, Nicola and Schivardi, Fabiano},
  journal={American Economic Review},
  volume={108},
  number={7},
  pages={1659--1701},
  year={2018}
}

@ARTICLE{Antonecchia2023,
	author = {Antonecchia, Gianluca},
	title = {Heterogeneous expectations, forecast accuracy and firms’ credit demand},
	year = {2023},
	journal = {European Economic Review},
	volume = {154},
	doi = {10.1016/j.euroecorev.2023.104430},
	url = {https://www.scopus.com/inward/record.uri?eid=2-s2.0-85151014201&doi=10.1016%2fj.euroecorev.2023.104430&partnerID=40&md5=598cfbf6d797ede46a54b41f59967b58},
	type = {Article},
	source = {Scopus}
}

@techreport{OECDnewapproaches2015,
  title={New Approaches to {S}{M}{E} and Entrepreneurship Financing: {B}roadening the Range of Instruments},
  author={OECD},
  year={2015}
}
@techreport{NBERw20038,
 title = {Uncertainty, Financial Frictions, and Investment Dynamics},
 author = {Gilchrist, Simon and Sim, Jae W and Zakrajšek, Egon},
 institution = {National Bureau of Economic Research},
 type = {Working Paper},
 series = {Working Paper Series},
 number = {20038},
 year = {2014},
 month = {April},
 doi = {10.3386/w20038},
 URL = {http://www.nber.org/papers/w20038},
}
@article{chavarin2023importance,
  title={The importance of bank credit for the economic activity in {M}exico: A manufacturing sector analysis},
  author={Chavar{\'\i}n Rodr{\'\i}guez, Rub{\'e}n and Tlatoa Ch{\'a}vez, Aurea},
  journal={Ensayos. Revista de econom{\'\i}a},
  volume={42},
  number={1},
  pages={83--120},
  year={2023},
  publisher={Universidad Aut{\'o}noma de Nuevo Le{\'o}n, a trav{\'e}s de la Facultad de Econom{\'\i}a con~…}
}


@article{azevedo_bank_2021,
	title = {Bank credit allocation and productivity: stylised facts for {P}ortugal},
	volume = {39},
	issn = {1086-7376},
	shorttitle = {Bank credit allocation and productivity},
	url = {https://doi.org/10.1108/SEF-08-2020-0312},
	doi = {10.1108/SEF-08-2020-0312},
	number = {4},
	urldate = {2023-06-28},
	journal = {Studies in Economics and Finance},
	author = {Azevedo, Nuno and Mateus, M\'arcio and Pina, \'Alvaro},
	month = jan,
	year = {2021},
	note = {Publisher: Emerald Publishing Limited},
	keywords = {Credit misallocation, Credit reallocation, D24, Evergreening, G21, O16, O40, O47, Productivity, Zombie congestion, Zombie firms},
	pages = {644--674}
}
@article{IOANNIDOU202293,
title = {Collateral and asymmetric information in lending markets},
journal = {Journal of Financial Economics},
volume = {144},
number = {1},
pages = {93-121},
year = {2022},
issn = {0304-405X},
doi = {https://doi.org/10.1016/j.jfineco.2021.12.010},
url = {https://www.sciencedirect.com/science/article/pii/S0304405X21005389},
author = {Vasso Ioannidou and Nicola Pavanini and Yushi Peng},
keywords = {Asymmetric information, Structural estimation, Credit markets, Collateral}
}

@article{liu2022low,
  title={Low interest rates, market power, and productivity growth},
  author={Liu, Ernest and Mian, Atif and Sufi, Amir},
  journal={Econometrica},
  volume={90},
  number={1},
  pages={193--221},
  year={2022},
  publisher={Wiley Online Library}
}



@incollection{hausman1996valuation,
  title={Valuation of new goods under perfect and imperfect competition},
  author={Hausman, Jerry A},
  booktitle={The economics of new goods},
  pages={207--248},
  year={1996},
  publisher={University of Chicago Press}
}


% newspapers
@misc{noauthor_monreal_2020,
	title = {Monreal plantea regular las tasas de interés},
	note={\textit{El Economista.} \url{https://www.eleconomista.com.mx/economia/Monreal-plantea-regular-las-tasas-de-interes-20201210-0020.html}},
	abstract = {A fin de impulsar la inclusión financiera, sobre todo de la población con menos recursos, Monreal Ávila promueve fortalecer la regulación y supervisión de los préstamos y créditos otorgados por instituciones de banca múltiple para evitar que las tasas de interés sean muy elevadas y procurar que los cobros sean razonables.},
	language = {es-MX},
	author = {Ramos, Rolando},
	urldate = {2023-07-29},
	journal = {El Economista},
	month = dec,
	year = {2020},
	file = {Snapshot:C\:\\Users\\jesus.lopezp\\Zotero\\storage\\WFDS3YU6\\Monreal-plantea-regular-las-tasas-de-interes-20201210-0020.html:text/html},
}

@misc{ceo_monreal_2022,
	title = {Monreal busca que bancos ofrezcan créditos más baratos a las {Pymes}},
	note = {\textit{EL CEO.} \url{https://elceo.com/politica/de-que-va-la-propuesta-de-creditos-baratos-para-pymes/}},
	abstract = {El senador, Ricardo Monreal adelantó que trabaja en una propuesta para que los bancos ofrezcan créditos más baratos a las Pymes.},
	language = {es-MX},
	urldate = {2023-07-29},
	journal = {EL CEO},
	author = {CEO, Pool},
	month = mar,
	year = {2022},
	file = {Snapshot:C\:\\Users\\jesus.lopezp\\Zotero\\storage\\Q9D2DB9E\\de-que-va-la-propuesta-de-creditos-baratos-para-pymes.html:text/html},
}



@misc{noauthor_ricardo_nodate,
	title = {Ricardo {Monreal} presentará iniciativa de {Reforma} {Financiera}},
	note={\textit{El Universal.} \url{https://www.eluniversal.com.mx/nacion/ricardo-monreal-presentara-iniciativa-de-reforma-financiera/}},
	urldate = {2023-07-29},
	file = {Ricardo Monreal presentará iniciativa de Reforma Financiera:C\:\\Users\\jesus.lopezp\\Zotero\\storage\\5CXJNBTG\\ricardo-monreal-presentara-iniciativa-de-reforma-financiera.html:text/html},
	month = dec,
	year = {2021},
	author = {Gamboa Arzola, V\'ictor},
}


@misc{CNBV2022reporte,
	title = {Reporte de {Ahorro} {Financiero} y {Financiamiento} a junio de 2022},
 	note={\url{http://www.gob.mx/cnbv/articulos/reporte-de-ahorro-financiero-y-financiamiento-a-junio-de-2022?idiom=es}},
	language = {es},
	urldate = {2023-07-29},
	journal = {gob.mx},
	author = {CNBV},
	year = {2022},
	file = {Snapshot:C\:\\Users\\jesus.lopezp\\Zotero\\storage\\SNGPPFKF\\reporte-de-ahorro-financiero-y-financiamiento-a-junio-de-2022.html:text/html},
}

@misc{INEGI2021enafin,
	title = {Encuesta {Nacional} de {Financiamiento} de las {Empresas} ({ENAFIN}) 2021},
	note ={\url{https://www.inegi.org.mx/programas/enafin/2021/}},
	abstract = {El Instituto Nacional de Estadística y Geografía (INEGI) presenta los resultados de la Encuesta Nacional de Financiamiento de las Empresas (ENAFIN) 2021, con el fin de proporcionar información relacionada con las fuentes y el uso del financiamiento principalmente durante el año 2020, así como de las necesidades de servicios financieros y bancarios por parte de las empresas, entre otros temas.},
	language = {es},
	urldate = {2023-07-29},
	year = {2021},
	author = {INEGI},
	file = {Snapshot:C\:\\Users\\jesus.lopezp\\Zotero\\storage\\T4NXNRJC\\2021.html:text/html},
}

@misc{Belmont2021expanding,
	type = {Text/{HTML}},
	title = {Expanding {Financial} {Access} for {Mexico}’s {Poor} and {Supporting} {Economic} {Sustainability}},
	note={\url{https://www.worldbank.org/en/results/2021/04/09/expanding-financial-access-for-mexico-s-poor-and-supporting-economic-sustainability}},
	abstract = {Financial access, a top priority for the Mexican government, has received further emphasis due to the COVID-19 economic fallout and relief and recovery efforts. Mexico’s efforts to deepen financial inclusion and expand access to finance, a critical bottleneck for growth and poverty reduction, have started to show progress. Financial access for poor and rural populations, women, youth, and SMEs, widened between 2016 and 2019 through programs extending 174,000 credits for productive purposes to 140,000 rural producers and MSMEs, mainly in vulnerable areas of the country’s southern region. Critical policy and institutional measures have helped ease firms’ and individuals’ financial sector access, particularly among underserved groups like youth and women; fostered financial education; and enabled a digital finance ecosystem and payments, increasing innovation and competition in the industry, supporting COVID-19 recovery efforts, and strengthening economic sustainability.},
	language = {en},
	urldate = {2023-07-29},
	journal = {World Bank},
	author={Belmont, Jessica},
	year = {2021},
	file = {Snapshot:C\:\\Users\\jesus.lopezp\\Zotero\\storage\\2BHBQS4N\\expanding-financial-access-for-mexico-s-poor-and-supporting-economic-sustainability.html:text/html},
}

@misc{INEGI2022021enaproce,
	title = {Encuesta {Nacional} sobre {Productividad} y {Competitividad} de las {Micro}, {Pequeñas} y {Medianas} {Empresas} ({ENAPROCE}) 2018},
	note={\url{https://www.inegi.org.mx/programas/enaproce/2018/}},
	urldate = {2023-07-29},
	year = {2021},
	author = {INEGI},
	file = {Encuesta Nacional sobre Productividad y Competitividad de las Micro, Pequeñas y Medianas Empresas (ENAPROCE) 2018:C\:\\Users\\jesus.lopezp\\Zotero\\storage\\CNENXJ9G\\2018.html:text/html},
}



@misc{CNBV2022portafolio,
	title = {Portafolio de {Informaci\'on} - {Consultas}},
	note={\url{https://portafolioinfo.cnbv.gob.mx/Paginas/Inicio.aspx}},
	urldate = {2023-07-29},
	author ={CNBV},
	year={2022}
}


@misc{Haldevang2023intereseschiquitos,
	title = {A intereses chiquitos: {Monreal} impulsa ley para dar créditos a pequeños negocios – {El} {Financiero}},
	note={\url{https://www.elfinanciero.com.mx/empresas/2022/03/10/a-intereses-chiquitos-monreal-impulsa-ley-para-dar-creditos-a-pequenos-negocios/}},
	urldate = {2023-07-29},
	author = {de Haldevang, Max y Averbuch, Maya},
	year = {2022},
	file = {A intereses chiquitos\: Monreal impulsa ley para dar créditos a pequeños negocios – El Financiero:C\:\\Users\\jesus.lopezp\\Zotero\\storage\\7FSWSIS8\\a-intereses-chiquitos-monreal-impulsa-ley-para-dar-creditos-a-pequenos-negocios.html:text/html},
}


@misc{CNBV2022tarjetaoportuna,
	title = {Tarjeta {Oportuna} - diciembre 2021},
	note={\url{https://portafolioinfo.cnbv.gob.mx/PortafolioInformacion/G7%20dic21.pdf}},
	urldate = {2023-07-29},
	author ={CNBV},
	year={2021}
}
